@ARTICLE{Kuter:1995jd, 
	title = {The reciprocal relationship of thrombopoietin
(c-mpl ligand) to changes in the platelet mass during busulfan induced thrombocytopenia in the rabbit},
    author = {Kuter \& Rosenberg},
	journal = {Blood},
	year = {1995},
	volume = {85},
	pages = {2720},
}


@ARTICLE{Sato:1998jd,
	title = {Binding and regulation of thrombopoietin to human megakaryocytes},
	author = {Sato T et al},
	journal = {British journal of haematology},
	year = {1998},
	volume = {100},
	pages = {704-711},
	number = {4},
	month = {March}
}